@INCOLLECTION{2001:zaffalon,
  AUTHOR = {Zaffalon, Marco},
  TITLE = {Statistical inference of the naive credal
                  classifier},
  PAGES = {384--393},
  CROSSREF = {2001:ISIPTA}
}

% need booktitle for crossrefs
@PROCEEDINGS{2001:ISIPTA,
  TITLE = {{ISIPTA} '01 -- Proceedings of the Second
                  International Symposium on Imprecise Probabilities
                  and Their Applications},
  BOOKTITLE = {{ISIPTA} '01 -- Proceedings of the Second
                  International Symposium on Imprecise Probabilities
                  and Their Applications},
  YEAR = {2001},
  PUBLISHER = {Shaker Publishing},
  EDITOR = {{de} Cooman, G. and Fine, T. L. and Seidenfeld, T.},
  ADDRESS = {Maastricht}
}
