@inproceedings{Shervashidze2009EfficientGK,
  title={Efficient graphlet kernels for large graph comparison},
  author={Nino Shervashidze and S. V. N. Vishwanathan and Tobias Petri and Kurt Mehlhorn and Karsten M. Borgwardt},
  booktitle={AISTATS},
  year={2009}
}

@inproceedings{Johansson2015LearningWS_lovasz,
  title={Learning with Similarity Functions on Graphs using Matchings of Geometric Embeddings},
  author={Fredrik D. Johansson and Devdatt P. Dubhashi},
  booktitle={KDD},
  year={2015}
}

@inproceedings{Johansson2015LearningWS_svm,
  title={Learning with Similarity Functions on Graphs using Matchings of Geometric Embeddings},
  author={Fredrik D. Johansson and Devdatt P. Dubhashi},
  booktitle={KDD},
  year={2015}
}


@inproceedings{Kondor2016TheML,
  title={The Multiscale Laplacian Graph Kernel},
  author={Risi Kondor and Horace Pan},
  booktitle={NIPS},
  year={2016}
}

@inproceedings{Kondor2016TheML_fast,
  title={The Multiscale Laplacian Graph Kernel},
  author={Risi Kondor and Horace Pan},
  booktitle={NIPS},
  year={2016}
}

@article{Hido2009ALG,
  title={A Linear-Time Graph Kernel},
  author={Shohei Hido and Hisashi Kashima},
  journal={2009 Ninth IEEE International Conference on Data Mining},
  year={2009},
  pages={179-188}
}

@inproceedings{Costa2010FastNS,
  title={Fast Neighborhood Subgraph Pairwise Distance Kernel},
  author={Fabrizio Costa and Kurt De Grave},
  booktitle={ICML},
  year={2010}
}

@inproceedings{Martino2012ATK,
  title={A Tree-Based Kernel for Graphs},
  author={Giovanni Da San Martino and Nicol{\`o} Navarin and Alessandro Sperduti},
  booktitle={SDM},
  year={2012}
}

@article{Aiolli2006FastOK,
  title={Fast On-line Kernel Learning for Trees},
  author={Fabio Aiolli and Giovanni Da San Martino and Alessandro Sperduti and Alessandro Moschitti},
  journal={Sixth International Conference on Data Mining (ICDM'06)},
  year={2006},
  pages={787-791}
}

@article{Neumann2015PropagationKE,
  title={Propagation kernels: efficient graph kernels from propagated information},
  author={Marion Neumann and Roman Garnett and Christian Bauckhage and Kristian Kersting},
  journal={Machine Learning},
  year={2015},
  volume={102},
  pages={209-245}
}

@article{Neumann2015PropagationKE_attr,
  title={Propagation kernels: efficient graph kernels from propagated information},
  author={Marion Neumann and Roman Garnett and Christian Bauckhage and Kristian Kersting},
  journal={Machine Learning},
  year={2015},
  volume={102},
  pages={209-245}
}

@inproceedings{Kashima2003MarginalizedKB,
  title={Marginalized Kernels Between Labeled Graphs},
  author={Hisashi Kashima and Koji Tsuda and Akihiro Inokuchi},
  booktitle={ICML},
  year={2003}
}

@inproceedings{Kashima2003MarginalizedKB_lbld,
  title={Marginalized Kernels Between Labeled Graphs},
  author={Hisashi Kashima and Koji Tsuda and Akihiro Inokuchi},
  booktitle={ICML},
  year={2003}
}

@inproceedings{Grtner2003OnGK,
  title={On Graph Kernels: Hardness Results and Efficient Alternatives},
  author={Thomas G{\"a}rtner and Peter A. Flach and Stefan Wrobel},
  booktitle={COLT},
  year={2003}
}

@inproceedings{Grtner2003OnGK_lbld,
  title={On Graph Kernels: Hardness Results and Efficient Alternatives},
  author={Thomas G{\"a}rtner and Peter A. Flach and Stefan Wrobel},
  booktitle={COLT},
  year={2003}
}

@inproceedings{Vishwanathan2006FastCO,
  title={Fast Computation of Graph Kernels},
  author={S. V. N. Vishwanathan and Karsten M. Borgwardt and Nicol N. Schraudolph},
  booktitle={NIPS},
  year={2006}
}

@inproceedings{Vishwanathan2006FastCO_lbld,
  title={Fast Computation of Graph Kernels},
  author={S. V. N. Vishwanathan and Karsten M. Borgwardt and Nicol N. Schraudolph},
  booktitle={NIPS},
  year={2006}
}

@article{Borgwardt2005ShortestpathKO,
  title={Shortest-path kernels on graphs},
  author={Karsten M. Borgwardt and Hans-Peter Kriegel},
  journal={Fifth IEEE International Conference on Data Mining (ICDM'05)},
  year={2005},
  pages={8 pp.-}
}

@article{Borgwardt2005ShortestpathKO_attr,
  title={Shortest-path kernels on graphs},
  author={Karsten M. Borgwardt and Hans-Peter Kriegel},
  journal={Fifth IEEE International Conference on Data Mining (ICDM'05)},
  year={2005},
  pages={8 pp.-}
}

@inproceedings{Kriege2012SubgraphMK,
  title={Subgraph Matching Kernels for Attributed Graphs},
  author={Nils Kriege and Petra Mutzel},
  booktitle={ICML},
  year={2012}
}

@inproceedings{Ramon2003ExpressivityVE,
    author = {Jan Ramon and Thomas GÃ¤rtner},
    title = {Expressivity versus efficiency of graph kernels},
    booktitle = {Proceedings of the First International Workshop on Mining Graphs, Trees and Sequences},
    year = {2003},
    pages = {65--74}
}
@article{Shervashidze2011WeisfeilerLehmanGK,
  title={Weisfeiler-Lehman Graph Kernels},
  author={Nino Shervashidze and Pascal Schweitzer and Erik Jan van Leeuwen and Kurt Mehlhorn and Karsten M. Borgwardt},
  journal={Journal of Machine Learning Research},
  year={2011},
  volume={12},
  pages={2539-2561}
}

@inproceedings{Nikolentzos2017MatchingNE,
 title={Matching Node Embeddings for Graph Similarity},
 author={Giannis Nikolentzos and Polykarpos Meladianos and Michalis Vazirgiannis},
 booktitle={AAAI},
 year={2017}
}

@inproceedings{CoreFramework,
title={A Degeneracy Framework for Graph Similarity},
author={Giannis Nikolentzos, Polykarpos Meladianos, Stratis Limnios and Michalis Vazirgiannis},
booktitle={Proceedings of the 26th International Joint Conference on Artificial Intelligence},
year={2018} 
}

@inproceedings{icpram16,
author={Tetsuya Kataoka and Akihiro Inokuchi},
title={Hadamard Code Graph Kernels for Classifying Graphs},
booktitle={Proceedings of the 5th International Conference on Pattern Recognition Applications and Methods - Volume 1: ICPRAM,},
year={2016},
pages={24-32},
publisher={SciTePress},
organization={INSTICC},
doi={10.5220/0005634700240032},
isbn={978-989-758-173-1},
}

@inproceedings{Bai2015AGK,
  title={A Graph Kernel Based on the Jensen-Shannon Representation Alignment},
  author={Lu Bai and Zhihong Zhang and Chaoyan Wang and Xiao Bai and Edwin R. Hancock},
  booktitle={IJCAI},
  year={2015}
}

@inproceedings{Sugiyama2015NIPS_VH,
 author = {Sugiyama, Mahito and Borgwardt, Karsten M.},
 title = {Halting in Random Walk Kernels},
 booktitle = {Proceedings of the 28th International Conference on Neural Information Processing Systems - Volume 1},
 series = {NIPS'15},
 year = {2015},
 location = {Montreal, Canada},
 pages = {1639--1647},
 numpages = {9},
 url = {http://dl.acm.org/citation.cfm?id=2969239.2969422},
 acmid = {2969422},
 publisher = {MIT Press},
 address = {Cambridge, MA, USA},
}

@inproceedings{Sugiyama2015NIPS_EH,
 author = {Sugiyama, Mahito and Borgwardt, Karsten M.},
 title = {Halting in Random Walk Kernels},
 booktitle = {Proceedings of the 28th International Conference on Neural Information Processing Systems - Volume 1},
 series = {NIPS'15},
 year = {2015},
 location = {Montreal, Canada},
 pages = {1639--1647},
 numpages = {9},
 url = {http://dl.acm.org/citation.cfm?id=2969239.2969422},
 acmid = {2969422},
 publisher = {MIT Press},
 address = {Cambridge, MA, USA},
}

@inproceedings{Sugiyama2015NIPSD,
 author = {Sugiyama, Mahito and Borgwardt, Karsten M.},
 title = {Halting in Random Walk Kernels},
 booktitle = {Proceedings of the 28th International Conference on Neural Information Processing Systems - Volume 1},
 series = {NIPS'15},
 year = {2015},
 location = {Montreal, Canada},
 pages = {1639--1647},
 numpages = {9},
 url = {http://dl.acm.org/citation.cfm?id=2969239.2969422},
 acmid = {2969422},
 publisher = {MIT Press},
 address = {Cambridge, MA, USA},
}

@article{Kriege2016NIPS,
  author    = {Nils M. Kriege and
               Pierre{-}Louis Giscard and
               Richard C. Wilson},
  title     = {On Valid Optimal Assignment Kernels and Applications to Graph Classification},
  journal   = {CoRR},
  volume    = {abs/1606.01141},
  year      = {2016},
  url       = {http://arxiv.org/abs/1606.01141},
  archivePrefix = {arXiv},
  eprint    = {1606.01141},
  timestamp = {Wed, 07 Jun 2017 14:40:11 +0200},
  biburl    = {http://dblp.org/rec/bib/journals/corr/KriegeGW16},
  bibsource = {dblp computer science bibliography, http://dblp.org}
}

@article{Kriege2016NIPSD,
  author    = {Nils M. Kriege and
               Pierre{-}Louis Giscard and
               Richard C. Wilson},
  title     = {On Valid Optimal Assignment Kernels and Applications to Graph Classification},
  journal   = {CoRR},
  volume    = {abs/1606.01141},
  year      = {2016},
  url       = {http://arxiv.org/abs/1606.01141},
  archivePrefix = {arXiv},
  eprint    = {1606.01141},
  timestamp = {Wed, 07 Jun 2017 14:40:11 +0200},
  biburl    = {http://dblp.org/rec/bib/journals/corr/KriegeGW16},
  bibsource = {dblp computer science bibliography, http://dblp.org}
}

@incollection{GraphHopper,
    title = {Scalable kernels for graphs with continuous attributes},
    author = {Feragen, Aasa and Kasenburg, Niklas and Petersen, Jens and de Bruijne, Marleen and Borgwardt, Karsten},
    booktitle = {Advances in Neural Information Processing Systems 26},
    editor = {C. J. C. Burges and L. Bottou and M. Welling and Z. Ghahramani and K. Q. Weinberger},
    pages = {216--224},
    year = {2013},
    publisher = {Curran Associates, Inc.},
    url = {http://papers.nips.cc/paper/5155-scalable-kernels-for-graphs-with-continuous-attributes.pdf}
}

% Giannis Nikollentzos Bib

@inproceedings{gartner2003graph_gn,
  title={{On Graph Kernels: Hardness Results and Efficient Alternatives}},
  author={G{\"a}rtner, T. and Flach, P. and Wrobel, S.},
  booktitle={Learning Theory and Kernel Machines},
  pages={129--143},
  year={2003}
}

@inproceedings{shervashidze2009efficient_gn,
  title={{Efficient Graphlet Kernels for Large Graph Comparison}},
  author={Shervashidze, N. and Petri, T. and Mehlhorn, K. and Borgwardt, K. M. and Vishwanathan, S.},
  booktitle={Proceedings of the International Conference on Artificial Intelligence and Statistics},
  pages={488--495},
  year={2009}
}

@inproceedings{borgwardt2005shortest_gn,
  title={Shortest-path kernels on graphs},
  author={Borgwardt, K. M. and Kriegel, H.},
  booktitle={Proceedings of the 5th International Conference on Data Mining},
  pages={74--81},
  year={2005}
}

@article{borgwardt2005protein_gn,
  title={Protein function prediction via graph kernels},
  author={Borgwardt, Karsten M and Ong, Cheng Soon and Sch{\"o}nauer, Stefan and Vishwanathan, SVN and Smola, Alex J and Kriegel, Hans-Peter},
  journal={Bioinformatics},
  volume={21},
  number={suppl 1},
  pages={i47--i56},
  year={2005}
}

@article{shervashidze2011weisfeiler_gn,
  title={{Weisfeiler-Lehman Graph Kernels}},
  author={Shervashidze, N. and Schweitzer, P. and Van Leeuwen, E. J. and Mehlhorn, K. and Borgwardt, K. M.},
  journal={The Journal of Machine Learning Research},
  volume={12},
  pages={2539--2561},
  year={2011}
}

@article{mahe2009graph_gn,
  title={Graph kernels based on tree patterns for molecules},
  author={Mah{\'e}, P. and Vert, J.},
  journal={Machine learning},
  volume={75},
  number={1},
  pages={3--35},
  year={2009}
}

@inproceedings{kashima2003marginalized_gn,
  title={{Marginalized Kernels Between Labeled Graphs}},
  author={Kashima, H. and Tsuda, K. and Inokuchi, A.},
  booktitle={Proceedings of the 20th Conference in Machine Learning},
  pages={321--328},
  year={2003}
}

@inproceedings{mahe2004extensions_gn,
  title={Extensions of marginalized graph kernels},
  author={Mah{\'e}, Pierre and Ueda, Nobuhisa and Akutsu, Tatsuya and Perret, Jean-Luc and Vert, Jean-Philippe},
  booktitle={Proceedings of the 21st International Conference on Machine Learning},
  pages={70},
  year={2004}
}

@article{vishwanathan2010graph_gn,
 author = {Vishwanathan, S. V. N. and Schraudolph, Nicol N. and Kondor, Risi and Borgwardt, Karsten M.},
 title = {{Graph Kernels}},
 journal = {The Journal of Machine Learning Research},
 volume = {11},
 pages = {1201--1242},
 year = {2010}
}

@article{prvzulj2007biological_gn,
  title={Biological network comparison using graphlet degree distribution},
  author={Pr{\v{z}}ulj, Nata{\v{s}}a},
  journal={Bioinformatics},
  volume={23},
  number={2},
  pages={e177--e183},
  year={2007}
}


@inproceedings{sugiyama2015halting_gn,
  title={{Halting in Random Walk Kernels}},
  author={Sugiyama, Mahito and Borgwardt, Karsten},
  booktitle={Advances in Neural Information Processing Systems},
  pages={1639--1647},
  year={2015}
}

@article{weissman2003inequalities_gn,
  title={Inequalities for the $L_1$ deviation of the empirical distribution},
  author={Weissman, Tsachy and Ordentlich, Erik and Seroussi, Gadiel and Verdu, Sergio and Weinberger, Marcelo J},
  journal={Hewlett-Packard Labs, Tech. Rep},
  year={2003}
}

@article{weisfeiler1968reduction_gn,
  title={A reduction of a graph to a canonical form and an algebra arising during this reduction},
  author={Weisfeiler, Boris and Lehman, AA},
  journal={Nauchno-Technicheskaya Informatsia},
  volume={2},
  number={9},
  pages={12--16},
  year={1968}
}

